<record><leader>00000cas a2200000 a 4500</leader><controlfield tag="001">31159221</controlfield><controlfield tag="008">940922d18931906iluwr ne      0   a0eng c</controlfield><datafield ind1=" " ind2=" " tag="010"><subfield code="a">sn 94054564 </subfield></datafield><datafield ind1=" " ind2=" " tag="040"><subfield code="a">NVF</subfield><subfield code="b">eng</subfield><subfield code="c">NVF</subfield><subfield code="d">CVF</subfield><subfield code="d">NVF</subfield><subfield code="d">OCLCQ</subfield><subfield code="d">OCLCF</subfield><subfield code="d">NVF</subfield><subfield code="d">OCLCO</subfield><subfield code="d">OCL</subfield></datafield><datafield ind1=" " ind2=" " tag="042"><subfield code="a">pcc</subfield></datafield><datafield ind1=" " ind2=" " tag="043"><subfield code="a">n-us-il</subfield></datafield><datafield ind1="0" ind2="0" tag="245"><subfield code="a">Lake County independent.</subfield></datafield><datafield ind1=" " ind2=" " tag="260"><subfield code="a">Libertyville, Lake County, Ill. :</subfield><subfield code="b">H.C. Paddock,</subfield><subfield code="c">-1906.</subfield></datafield><datafield ind1=" " ind2=" " tag="300"><subfield code="a">v.</subfield></datafield><datafield ind1=" " ind2=" " tag="310"><subfield code="a">Weekly</subfield></datafield><datafield ind1="1" ind2=" " tag="362"><subfield code="a">Began in 1893?</subfield></datafield><datafield ind1="0" ind2=" " tag="362"><subfield code="a">-v. 14, no. 24 (Mar. 16, 1906).</subfield></datafield><datafield ind1=" " ind2=" " tag="580"><subfield code="a">Merged with: Grayslake independent, and: Waukegan weekly sun, to form: Lake County independent and Waukegan weekly sun.</subfield></datafield><datafield ind1=" " ind2=" " tag="588"><subfield code="a">Description based on: Vol. 2, no. 17 (Feb. 9, 1894).</subfield></datafield><datafield ind1=" " ind2="0" tag="651"><subfield code="a">Lake County (Ill.)</subfield><subfield code="v">Newspapers.</subfield></datafield><datafield ind1=" " ind2="7" tag="651"><subfield code="a">Illinois</subfield><subfield code="z">Lake County</subfield><subfield code="2">fast</subfield><subfield code="0">(OCoLC)fst01207386</subfield></datafield><datafield ind1=" " ind2="7" tag="655"><subfield code="a">Newspapers.</subfield><subfield code="2">fast</subfield><subfield code="0">(OCoLC)fst01423814</subfield></datafield><datafield ind1=" " ind2=" " tag="752"><subfield code="a">United States</subfield><subfield code="b">Illinois</subfield><subfield code="c">Lake</subfield><subfield code="d">Libertyville.</subfield></datafield><datafield ind1="0" ind2=" " tag="775"><subfield code="t">Lake Zurich independent</subfield><subfield code="w">(DLC)sn 87082298</subfield><subfield code="w">(OCoLC)15260736</subfield></datafield><datafield ind1="0" ind2=" " tag="775"><subfield code="t">Wauconda independent</subfield><subfield code="w">(DLC)sn 87082297</subfield><subfield code="w">(OCoLC)15260683</subfield></datafield><datafield ind1="0" ind2=" " tag="775"><subfield code="t">Wheeling independent</subfield><subfield code="w">(DLC)sn 87082296</subfield><subfield code="w">(OCoLC)15260596</subfield></datafield><datafield ind1="1" ind2="7" tag="785"><subfield code="t">Grayslake independent</subfield><subfield code="w">(DLC)sn 94054569</subfield><subfield code="w">(OCoLC)31159247</subfield></datafield><datafield ind1="1" ind2="7" tag="785"><subfield code="t">Waukegan weekly sun</subfield><subfield code="w">(DLC)sn 94054560</subfield><subfield code="w">(OCoLC)31156785</subfield></datafield><datafield ind1="1" ind2="7" tag="785"><subfield code="t">Lake County independent and Waukegan weekly sun</subfield><subfield code="w">(DLC)sn 94054565</subfield><subfield code="w">(OCoLC)31159273</subfield></datafield><datafield ind1="1" ind2=" " tag="029"><subfield code="a">AU@</subfield><subfield code="b">000011276694</subfield></datafield></record>